@comment{x-kbibtex-personnameformatting=<%l><, %f>}

@inproceedings{DBLP:conf/tacas/CranenGKSVWW13,
	author = "Cranen, Sjoerd and Groote, Jan Friso and Keiren, Jeroen J. A. and Stappers, Frank P. M. and de Vink, Erik P. and Wesselink, Wieger and Willemse, Tim A. C.",
	bibsource = "DBLP, http://dblp.uni-trier.de",
	booktitle = "{TACAS}",
	crossref = "DBLP:conf/tacas/2013",
	pages = "199--213",
	title = "{An Overview of the mCRL2 Toolset and Its Recent Advances}",
	url = "http://dx.doi.org/10.1007/978-3-642-36742-7_15",
	x-color = "#cc3300",
	year = "2013"
}

@inproceedings{DBLP:dblp_conf/nfm/RemenskaTWHVCB13,
	author = "Remenska, Daniela and Templon, Jeff and Willemse, Tim A. C. and Homburg, Philip and Verstoep, Kees and Casajus, Adria and Bal, Henri E.",
	booktitle = "{NASA Formal Methods}",
	crossref = "2013",
	ee = "http://dx.doi.org/10.1007/978-3-642-38088-4_17",
	pages = "244--260",
	title = "{From {UML} to {P}rocess {A}lgebra and {B}ack: {A}n {A}utomated {A}pproach to {M}odel-{C}hecking {S}oftware {D}esign {A}rtifacts of {C}oncurrent {S}ystems.}",
	year = "2013"
}

@inproceedings{DBLP:conf/icsoft/ShenRN12,
	author = "Shen, Hui and Robinson, Mark and Niu, Jianwei",
	bibsource = "DBLP, http://dblp.uni-trier.de",
	booktitle = "{ICSOFT}",
	crossref = "DBLP:conf/icsoft/2012",
	pages = "44--54",
	title = "{Formal Analysis of Sequence Diagram with Combined Fragments}",
	x-color = "#009966",
	year = "2012"
}

@inproceedings{DBLP:conf/fmics/SlabyST12,
	author = "Slaby, Jiri and Strejcek, Jan and Trt{\'i}k, Marek",
	bibsource = "DBLP, http://dblp.uni-trier.de",
	booktitle = "{FMICS}",
	crossref = "DBLP:conf/fmics/2012",
	pages = "207--221",
	title = "{Checking Properties Described by State Machines: On Synergy of Instrumentation, Slicing, and Symbolic Execution}",
	url = "http://dx.doi.org/10.1007/978-3-642-32469-7_14",
	x-color = "#c0ffff",
	year = "2012"
}

@inproceedings{DBLP:conf/fgit/WangLM11,
	author = "Wang, Xi and Liu, Shaoying and Miao, Huaikou",
	bibsource = "DBLP, http://dblp.uni-trier.de",
	booktitle = "{FGIT-ASEA/DRBC/EL}",
	crossref = "DBLP:conf/fgit/2011asea",
	pages = "159--168",
	title = "{A Pattern-Based Approach to Formal Specification Construction}",
	url = "http://dx.doi.org/10.1007/978-3-642-27207-3_16",
	x-color = "#009966",
	year = "2011"
}

@inproceedings{DBLP:conf/serp/FlakeM03,
	author = "Flake, Stephan and M{\"u}ller, Wolfgang",
	bibsource = "DBLP, http://dblp.uni-trier.de",
	booktitle = "{Software Engineering Research and Practice}",
	crossref = "DBLP:conf/serp/2003-2",
	pages = "595--603",
	title = "{Expressing Property Specification Patterns with OCL}",
	x-color = "#c0ffff",
	year = "2003"
}

@inproceedings{FormalLanguagemCRL2,
	author = "Groote, J.F. and others",
	booktitle = "{Proc. MMOSS'06}",
	title = "{The Formal Specification Language m{CRL2}}"
}

@url{PSP,
	author = "Dwyer, Matthew B. and others",
	note = "http://patterns.projects.cis.ksu.edu",
	title = "{Property Specification Patterns}",
	url = "http://patterns.projects.cis.ksu.edu"
}

@inproceedings{Dwyer:1999:PPS:302405.302672,
	acmid = "302672",
	address = "New York, NY, USA",
	author = "Dwyer, Matthew B. and others",
	booktitle = "{Proceedings of the 21st international conference on Software engineering}",
	doi = "10.1145/302405.302672",
	isbn = "1-58113-074-0",
	keywords = "concurrent systems; finite-state verification; formal specification; patterns",
	location = "Los Angeles, California, USA",
	numpages = "10",
	pages = "411--420",
	publisher = "ACM",
	series = "{ICSE '99}",
	title = "{Patterns in property specifications for finite-state verification}",
	url = "http://doi.acm.org/10.1145/302405.302672",
	year = "1999"
}

@inproceedings{Groote05model-checkingprocesses,
	author = "Groote, J. F. and Willemse, T. A. C.",
	booktitle = "{Science of Computer Programming}",
	pages = "251--273",
	publisher = "Elsevier",
	title = "{Model-checking processes with data}",
	year = "2005"
}

@misc{Harel07assertand,
	author = "Harel, David and Maoz, Shahar",
	title = "{Assert and negate revisited: Modal semantics for UML sequence diagrams}",
	x-color = "#009966",
	year = "2007"
}

@article{Williams:2010:AFV:1814588.1814803,
	acmid = "1814803",
	address = "Amsterdam, The Netherlands, The Netherlands",
	author = "Williams, James R. and Polack, Fiona A. C.",
	doi = "10.1016/j.entcs.2010.05.013",
	issn = "1571-0661",
	issue_date = "June, 2010",
	journal = "Electron. Notes Theor. Comput. Sci.",
	keywords = "formal verification; model-driven development; tool-support",
	month = jun,
	numpages = "16",
	pages = "211--226",
	publisher = "Elsevier Science Publishers B. V.",
	title = "{Automated Formalisation for Verification of Diagrammatic Models}",
	url = "http://dx.doi.org/10.1016/j.entcs.2010.05.013",
	volume = "263",
	x-color = "#009966",
	year = "2010"
}

@misc{Pasareanu04verificationof,
	author = "Pasareanu, Corina S. and Visser, Willem",
	title = "{Verification of Java Programs using Symbolic Execution and Invariant Generation}",
	x-color = "#009966",
	year = "2004"
}

@inproceedings{Andronick:2012:LFV:2337223.2337352,
	acmid = "2337352",
	address = "Piscataway, NJ, USA",
	author = "Andronick, June and Jeffery, Ross and Klein, Gerwin and Kolanski, Rafal and Staples, Mark and Zhang, He and Zhu, Liming",
	booktitle = "{Proceedings of the 2012 International Conference on Software Engineering}",
	isbn = "978-1-4673-1067-3",
	location = "Zurich, Switzerland",
	numpages = "10",
	pages = "1002--1011",
	publisher = "IEEE Press",
	series = "{ICSE 2012}",
	title = "{Large-scale formal verification in practice: a process perspective}",
	url = "http://dl.acm.org/citation.cfm?id=2337223.2337352",
	x-color = "#009966",
	year = "2012"
}

@article{Beato:2005:UAV:1705554.1706111,
	acmid = "1706111",
	address = "Amsterdam, The Netherlands, The Netherlands",
	author = "Beato, M. Encarnaci{\'o}n and Barrio-Sol{\'o}rzano, Manuel and Cuesta, Carlos E. and de la Fuente, Pablo",
	doi = "10.1016/j.entcs.2004.10.024",
	issn = "1571-0661",
	issue_date = "April, 2005",
	journal = "Electron. Notes Theor. Comput. Sci.",
	keywords = "Formal methods; UML active behaviour; automatic verification; formal UML verification",
	month = apr,
	number = "4",
	numpages = "14",
	pages = "3--16",
	publisher = "Elsevier Science Publishers B. V.",
	title = "{UML Automatic Verification Tool with Formal Methods}",
	url = "http://dx.doi.org/10.1016/j.entcs.2004.10.024",
	volume = "127",
	x-color = "#009966",
	year = "2005"
}

@inproceedings{Graw04transformationand,
	author = "Graw, G{\"u}nter and Herrmann, Peter",
	booktitle = "{Electronic Notes on Theoretical Computer Science, Elsevier Science}",
	title = "{Transformation and Verification of Executable UML Models}",
	x-color = "#009966",
	year = "2004"
}

@article{Broy:2011:UFS:2039230.2039234,
	acmid = "2039234",
	address = "Secaucus, NJ, USA",
	author = "Broy, Manfred and Cengarle, Mar{\'i}a Victoria",
	doi = "10.1007/s10270-011-0207-y",
	issn = "1619-1366",
	issue_date = "October 2011",
	journal = "Softw. Syst. Model.",
	keywords = "All-encompassing UML semantics; Compositional semantics; Formal model-driven system development; Formal semantics; Multiple system views",
	month = oct,
	number = "4",
	numpages = "6",
	pages = "441--446",
	publisher = "Springer-Verlag New York, Inc.",
	title = "{UML formal semantics: lessons learned}",
	url = "http://dx.doi.org/10.1007/s10270-011-0207-y",
	volume = "10",
	x-color = "#009966",
	year = "2011"
}

@article{JOT:issue_2002_07/article1,
	author = "Gallardo, Mar{\'i}a del Mar and Merino, Pedro and Pimentel, Ernesto",
	doi = "10.5381/jot.2002.1.2.a1",
	issn = "1660-1769",
	journal = "Journal of Object Technology",
	month = jul,
	number = "2",
	pages = "101--117",
	title = "{Debugging UML Designs with Model Checking}",
	url = "http://www.jot.fm/contents/issue_2002_07/article1.html",
	volume = "1",
	x-color = "#009966",
	year = "2002"
}

@inproceedings{Yu06patternbased,
	author = "Yu, Jian and Manh, Tan Phan and Han, Jun and Jin, Yan and Han, Yanbo and Wang, Jianwu",
	booktitle = "{In: Proceedings of 7th International Conference on Web Information Systems Engineering (WISE}",
	pages = "156--168",
	title = "{Pattern Based Property Specification and Verification for Service Composition}",
	x-color = "#009966",
	year = "2006"
}

@inproceedings{Autili:2006:SBN:1138953.1138959,
	acmid = "1138959",
	address = "New York, NY, USA",
	author = "Autili, M. and Inverardi, P. and Pelliccione, P.",
	booktitle = "{Proceedings of the 2006 international workshop on Scenarios and state machines: models, algorithms, and tools}",
	doi = "10.1145/1138953.1138959",
	isbn = "1-59593-394-8",
	keywords = "scenario based notation; system requirements specification; temporal properties specification",
	location = "Shanghai, China",
	numpages = "8",
	pages = "21--28",
	publisher = "ACM",
	series = "{SCESM '06}",
	title = "{A scenario based notation for specifying temporal properties}",
	url = "http://doi.acm.org/10.1145/1138953.1138959",
	x-color = "#c0ffff",
	year = "2006"
}

@inproceedings{Kugler:2005:TLS:2140653.2140692,
	acmid = "2140692",
	address = "Berlin, Heidelberg",
	author = "Kugler, Hillel and Harel, David and Pnueli, Amir and Lu, Yuan and Bontemps, Yves",
	booktitle = "{Proceedings of the 11th international conference on Tools and Algorithms for the Construction and Analysis of Systems}",
	doi = "10.1007/978-3-540-31980-1_29",
	isbn = "3-540-25333-5, 978-3-540-25333-4",
	location = "Edinburgh, UK",
	numpages = "16",
	pages = "445--460",
	publisher = "Springer-Verlag",
	series = "{TACAS'05}",
	title = "{Temporal logic for scenario-based specifications}",
	url = "http://dx.doi.org/10.1007/978-3-540-31980-1_29",
	x-color = "#009966",
	year = "2005"
}

@proceedings{DBLP:conf/icsoft/2012,
	bibsource = "DBLP, http://dblp.uni-trier.de",
	booktitle = "{ICSOFT}",
	editor = "Hammoudi, Slimane and van Sinderen, Marten and Cordeiro, Jos{\'e}",
	isbn = "978-989-8565-19-8",
	publisher = "SciTePress",
	title = "{ICSOFT 2012 - Proceedings of the 7th International Conference on Software Paradigm Trends, Rome, Italy, 24 - 27 July, 2012}",
	year = "2012"
}

@article{Kuster-Filipe:2006:MCI:1140652.1140658,
	acmid = "1140658",
	address = "Essex, UK",
	author = "K{\"u}ster-Filipe, Juliana",
	doi = "10.1016/j.tcs.2005.09.068",
	issn = "0304-3975",
	issue_date = "21 February 2006",
	journal = "Theor. Comput. Sci.",
	keywords = "UML 2.0; distributed temporal logic; labelled event structures; semantics; sequence diagrams",
	month = feb,
	number = "2",
	numpages = "18",
	pages = "203--220",
	publisher = "Elsevier Science Publishers Ltd.",
	title = "{Modelling concurrent interactions}",
	url = "http://dx.doi.org/10.1016/j.tcs.2005.09.068",
	volume = "351",
	x-color = "#009966",
	year = "2006"
}

@inproceedings{Dwyer:1998:PSP:298595.298598,
	acmid = "298598",
	address = "New York, NY, USA",
	author = "Dwyer, Matthew B. and Avrunin, George S. and Corbett, James C.",
	booktitle = "{Proceedings of the second workshop on Formal methods in software practice}",
	doi = "10.1145/298595.298598",
	isbn = "0-89791-954-8",
	keywords = "concurrent systems; finite-state verification; formal specification; patterns",
	location = "Clearwater Beach, Florida, USA",
	numpages = "9",
	pages = "7--15",
	publisher = "ACM",
	series = "{FMSP '98}",
	title = "{Property specification patterns for finite-state verification}",
	url = "http://doi.acm.org/10.1145/298595.298598",
	x-color = "#009966",
	year = "1998"
}

@article{Micskei:2011:MMU:2039230.2039231,
	acmid = "2039231",
	address = "Secaucus, NJ, USA",
	author = "Micskei, Zolt{\'a}n and Waeselynck, H{\'e}l{\`e}ne",
	doi = "10.1007/s10270-010-0157-9",
	issn = "1619-1366",
	issue_date = "October 2011",
	journal = "Softw. Syst. Model.",
	keywords = "Semantics; Sequence diagrams; UML",
	month = oct,
	number = "4",
	numpages = "26",
	pages = "489--514",
	publisher = "Springer-Verlag New York, Inc.",
	title = "{The many meanings of UML 2 Sequence Diagrams: a survey}",
	url = "http://dx.doi.org/10.1007/s10270-010-0157-9",
	volume = "10",
	x-color = "#009966",
	year = "2011"
}

@article{Heymans99scenario-basedtechniques,
	author = "Heymans, Patrick and Dubois, Eric",
	journal = "Requirements Engineering Journal",
	pages = "3--4",
	title = "{Scenario-Based Techniques for Supporting the Elaboration and the Validation of Formal Requirements}",
	volume = "3",
	x-color = "#009966",
	year = "1999"
}

@inproceedings{Lee97agraphical,
	author = "Lee, Insup and Sokolsky, Oleg",
	booktitle = "{In Proceedings of 2nd IEEE Workshop on High-Assurance Systems Engineering. IEEE Computer}",
	pages = "42--47",
	publisher = "Society Press",
	title = "{A Graphical Property Specification Language}",
	x-color = "#009966",
	year = "1997"
}

@article{Hwong2013,
	author = "Hwong, Yi Ling and Keiren, Jeroen J.A. and Kusters, Vincent J.J. and Leemans, Sander and Willemse, Tim A.C.",
	doi = "10.1016/j.scico.2012.11.009",
	issn = "0167-6423",
	journal = "Science of Computer Programming",
	keywords = "Case study; Process algebra; SML; Bounded model checking; Model transformations",
	number = "0",
	pages = "--",
	title = "{Formalising and analysing the control software of the Compact Muon Solenoid Experiment at the Large Hadron Collider}",
	url = "http://www.sciencedirect.com/science/article/pii/S0167642312002365",
	x-color = "#009966",
	year = "2013"
}

@article{lazuar2010tool,
	author = "Laz\u{a}r, C.L. and Laz\u{a}r, I. and P{\^a}rv, B. and Motogna, S. and Czibula, I.G.",
	journal = "Int. J. of Computers, Communications \& Control",
	number = "5",
	pages = "775--782",
	title = "{Tool Support for fUML Models}",
	volume = "5",
	x-color = "#009966",
	year = "2010"
}

@article{Moschoyiannis:2009:TIB:1519559.1519962,
	acmid = "1519962",
	address = "Amsterdam, The Netherlands, The Netherlands",
	author = "Moschoyiannis, Sotiris and Krause, Paul and Shields, Michael W.",
	doi = "10.1016/j.entcs.2009.03.023",
	issn = "1571-0661",
	issue_date = "April, 2009",
	journal = "Electron. Notes Theor. Comput. Sci.",
	keywords = "UML 2.0 sequence diagrams; concurrency; interactions; multiple ports; vector semantics",
	month = apr,
	number = "7",
	numpages = "20",
	pages = "3--22",
	publisher = "Elsevier Science Publishers B. V.",
	title = "{A True-Concurrent Interpretation of Behavioural Scenarios}",
	url = "http://dx.doi.org/10.1016/j.entcs.2009.03.023",
	volume = "203",
	x-color = "#009966",
	year = "2009"
}

@article{DBLP:journals/entcs/LimaTMDWP09,
	author = "Lima, Vitor and Talhi, Chamseddine and Mouheb, Djedjiga and Debbabi, Mourad and Wang, Lingyu and Pourzandi, Makan",
	bibsource = "DBLP, http://dblp.uni-trier.de",
	journal = "Electr. Notes Theor. Comput. Sci.",
	pages = "143--160",
	title = "{Formal Verification and Validation of UML 2.0 Sequence Diagrams using Source and Destination of Messages}",
	url = "http://dx.doi.org/10.1016/j.entcs.2009.09.064",
	volume = "254",
	x-color = "#009966",
	year = "2009"
}

@article{Autili:2007:GSS:1290845.1290859,
	acmid = "1290859",
	address = "Hingham, MA, USA",
	author = "Autili, M. and Inverardi, P. and Pelliccione, P.",
	doi = "10.1007/s10515-007-0012-6",
	issn = "0928-8910",
	issue_date = "September 2007",
	journal = "Automated Software Engg.",
	keywords = "Scenario based notation; System requirements specification; Temporal properties specification",
	month = sep,
	number = "3",
	numpages = "48",
	pages = "293--340",
	publisher = "Kluwer Academic Publishers",
	title = "{Graphical scenarios for specifying temporal properties: an automated approach}",
	url = "http://dx.doi.org/10.1007/s10515-007-0012-6",
	volume = "14",
	x-color = "#c0ffff",
	year = "2007"
}

@misc{Lavazza00combininguml,
	author = "Lavazza, Luigi and Quaroni, Gabriele",
	title = "{Combining UML and formal notations for modelling real-time systems}",
	year = "2000"
}

@article{Fehnker:2013:MCD:2443461.2443471,
	acmid = "2443471",
	address = "Secaucus, NJ, USA",
	author = "Fehnker, Ansgar and Huuck, Ralf",
	doi = "10.1007/s11334-012-0192-5",
	issn = "1614-5046",
	issue_date = "March 2013",
	journal = "Innov. Syst. Softw. Eng.",
	keywords = "C/C++; Case study; False positive tuning; Firefox; Goanna tool; Model checking; Static analysis",
	month = mar,
	number = "1",
	numpages = "12",
	pages = "45--56",
	publisher = "Springer-Verlag New York, Inc.",
	title = "{Model checking driven static analysis for the real world: designing and tuning large scale bug detection}",
	url = "http://dx.doi.org/10.1007/s11334-012-0192-5",
	volume = "9",
	x-color = "#009966",
	year = "2013"
}

@article{DBLP:journals/fac/RundeRS13,
	author = "Runde, Ragnhild Kobro and Refsdal, Atle and St{\o}len, Ketil",
	bibsource = "DBLP, http://dblp.uni-trier.de",
	journal = "Formal Asp. Comput.",
	number = "2",
	pages = "159--187",
	title = "{Relating computer systems to sequence diagrams: the impact of underspecification and inherent nondeterminism}",
	url = "http://dx.doi.org/10.1007/s00165-011-0192-5",
	volume = "25",
	x-color = "#009966",
	year = "2013"
}

@article{conquet2012formal,
	author = "Conquet, E. and Dormoy, F.X. and Dragomir, I. and Graf, S. and Lesens, D. and Nienaltowski, P. and Ober, I.",
	journal = "Proceedings of Embedded Real Time Software and Systems (ERTS2), Toulouse",
	title = "{Formal Model Driven Engineering for Space Onboard Software}",
	x-color = "#009966",
	year = "2012"
}

@inproceedings{Sch{\"a}fer_modelchecking,
	author = "Sch{\"a}fer, Timm and Merz, Stephan",
	booktitle = "{Electronic Notes in Theoretical Computer Science}",
	pages = "2001",
	title = "{Model checking UML state machines and collaborations}",
	year = ""
}

@misc{Flake04specificationand,
	author = "Flake, Stephan and M{\"u}ller, Wolfgang and Pape, Ulrich and Ruf, J{\"u}rgen",
	title = "{Specification and Formal Verification Of Temporal Properties of Production Automation Systems}",
	x-color = "#c0ffff",
	year = "2004"
}

@inproceedings{Knapp:2006:MCU:1762828.1762836,
	acmid = "1762836",
	address = "Berlin, Heidelberg",
	author = "Knapp, Alexander and Wuttke, Jochen",
	booktitle = "{Proceedings of the 2006 international conference on Models in software engineering}",
	isbn = "978-3-540-69488-5",
	keywords = "UML 2.0 interactions; model checking; scenarios",
	location = "Genoa, Italy",
	numpages = "10",
	pages = "42--51",
	publisher = "Springer-Verlag",
	series = "{MoDELS'06}",
	title = "{Model checking of UML 2.0 interactions}",
	url = "http://dl.acm.org/citation.cfm?id=1762828.1762836",
	x-color = "#c0ffff",
	year = "2006"
}

@inproceedings{Klose:2001:ABI:646485.694463,
	acmid = "694463",
	address = "London, UK, UK",
	author = "Klose, Jochen and Wittke, Hartmut",
	booktitle = "{Proceedings of the 7th International Conference on Tools and Algorithms for the Construction and Analysis of Systems}",
	isbn = "3-540-41865-2",
	numpages = "16",
	pages = "512--527",
	publisher = "Springer-Verlag",
	series = "{TACAS 2001}",
	title = "{An Automata Based Interpretation of Live Sequence Charts}",
	url = "http://dl.acm.org/citation.cfm?id=646485.694463",
	year = "2001"
}

@inproceedings{Alawneh:2006:UAV:1126179.1126225,
	acmid = "1126225",
	address = "Washington, DC, USA",
	author = "Alawneh, Luay and Debbabi, Mourad and Jarraya, Yosr and Soeanu, Andrei and Hassayne, Fawzi",
	booktitle = "{Proceedings of the 13th Annual IEEE International Symposium and Workshop on Engineering of Computer Based Systems}",
	doi = "10.1109/ECBS.2006.17",
	isbn = "0-7695-2546-6",
	numpages = "10",
	pages = "409--418",
	publisher = "IEEE Computer Society",
	series = "{ECBS '06}",
	title = "{A Unified Approach for Verification and Validation of Systems and Software Engineering Models}",
	url = "http://dx.doi.org/10.1109/ECBS.2006.17",
	year = "2006"
}

@article{Borges:2007:IUF:1274202.1274487,
	acmid = "1274487",
	address = "Amsterdam, The Netherlands, The Netherlands",
	author = "Borges, Rafael Magalh{\~a}es and Mota, Alexandre Cabral",
	doi = "10.1016/j.entcs.2007.03.017",
	issn = "1571-0661",
	issue_date = "July, 2007",
	journal = "Electron. Notes Theor. Comput. Sci.",
	keywords = "OhCircus; UML; formal methods; refinement; translation",
	month = jul,
	numpages = "16",
	pages = "97--112",
	publisher = "Elsevier Science Publishers B. V.",
	title = "{Integrating UML and Formal Methods}",
	url = "http://dx.doi.org/10.1016/j.entcs.2007.03.017",
	volume = "184",
	x-color = "#009966",
	year = "2007"
}

@inproceedings{Jurjens:2005:SME:1062455.1062519,
	acmid = "1062519",
	address = "New York, NY, USA",
	author = "J{\"u}rjens, Jan",
	booktitle = "{Proceedings of the 27th international conference on Software engineering}",
	doi = "10.1145/1062455.1062519",
	isbn = "1-58113-963-2",
	keywords = "UML; cryptographic protocol; security; unified modeling language; verification biometric authentication; verification framework",
	location = "St. Louis, MO, USA",
	numpages = "10",
	pages = "322--331",
	publisher = "ACM",
	series = "{ICSE '05}",
	title = "{Sound methods and effective tools for model-based security engineering with UML}",
	url = "http://doi.acm.org/10.1145/1062455.1062519",
	year = "2005"
}

@article{Mota04veriagent:an,
	author = "Mota, Edjard and Clarke, Edmund and Groce, Alex and Oliveira, Waleska and Falc{\~a}o, Marcia and Jorge, K and Gen, Av. and Oct{\'a}vio, Rodrigo and Ramos, Jord{\~a}o",
	journal = "Electron. Notes Theor. Comput. Sci. (ENTCS) 95",
	title = "{VeriAgent: an approach to integrating UML and formal verification tools}",
	volume = "111",
	year = "2004"
}

@article{pokozy-korenblat_04_toward,
	author = "Korenblat, Katerina P. and Priami, Corrado",
	booktitle = "{Proceedings of the Workshop on the Compositional Verification of UML Models (CVUML)}",
	citeulike-article-id = "2504063",
	citeulike-linkout-0 = "http://dx.doi.org/10.1016/j.entcs.2004.09.007",
	citeulike-linkout-1 = "http://dx.doi.org/10.1016/j.entcs.2004.09.007",
	citeulike-linkout-2 = "http://www.sciencedirect.com/science/article/B75H1-4DV1WBS-4/2/c3dc713b1bbb593d16cc91198768dd40",
	day = "1",
	doi = "10.1016/j.entcs.2004.09.007",
	journal = "Electronic Notes in Theoretical Computer Science",
	keywords = "2004; _pdf; statecharts; uml",
	month = nov,
	pages = "51--72",
	posted-at = "2008-03-10 18:35:32",
	priority = "2",
	title = "{Toward Extracting [pi]-calculus from UML Sequence and State Diagrams}",
	url = "http://dx.doi.org/10.1016/j.entcs.2004.09.007",
	volume = "101",
	year = "2004"
}

@inproceedings{Smith:2001:FVU:647247.719629,
	acmid = "719629",
	author = "Smith, Jeffrey E. and Kokar, Mieczyslaw K. and Baclawski, Kenneth",
	booktitle = "{Workshop of the pUML-Group held together with the \&\#171;UML\&\#187;2001 on Practical UML-Based Rigorous Development Methods - Countering or Integrating the eXtremists}",
	isbn = "3-88579-335-0",
	numpages = "17",
	pages = "224--240",
	publisher = "GI",
	title = "{Formal Verification of UML Diagrams: A First Step Towards Code Generation}",
	url = "http://dl.acm.org/citation.cfm?id=647247.719629",
	year = "2001"
}

@article{Liu:2005:TRA:1705534.1705863,
	acmid = "1705863",
	address = "Amsterdam, The Netherlands, The Netherlands",
	author = "Liu, Zhiming and He, Jifeng and Li, Xiaoshan",
	doi = "10.1016/j.entcs.2005.03.005",
	issn = "1571-0661",
	issue_date = "May, 2005",
	journal = "Electron. Notes Theor. Comput. Sci.",
	keywords = "Component-Based Development; Object-Orientation; Refinement; Specification; Transformation",
	month = may,
	numpages = "21",
	pages = "57--77",
	publisher = "Elsevier Science Publishers B. V.",
	title = "{Towards a Rigorous Approach to UML-Based Development}",
	url = "http://dx.doi.org/10.1016/j.entcs.2005.03.005",
	volume = "130",
	year = "2005"
}

@article{Bernardi:2011:DPW:2004515.2004532,
	acmid = "2004532",
	address = "Secaucus, NJ, USA",
	author = "Bernardi, Simona and Merseguer, Jos{\'e} and Petriu, Dorina C.",
	doi = "10.1007/s10270-009-0128-1",
	issn = "1619-1366",
	issue_date = "July 2011",
	journal = "Softw. Syst. Model.",
	month = jul,
	number = "3",
	numpages = "24",
	pages = "313--336",
	publisher = "Springer-Verlag New York, Inc.",
	title = "{A dependability profile within MARTE}",
	url = "http://dx.doi.org/10.1007/s10270-009-0128-1",
	volume = "10",
	year = "2011"
}

@misc{Zoughbi_modelingsafety,
	author = "Zoughbi, Gregory and Briand, Lionel and Labiche, Yvan",
	title = "{Modeling Safety and Airworthiness (RTCA DO-178B) Information -- Conceptual Model and UML Profile}",
	year = ""
}

@article{Jabri-2010,
	abstract = "{Purpose The European Union set up a European management system for rail traffic: the ERTMS system to ensure, in full safety, train circulation on different European networks. As the full deployment of this system is long and expensive, evolutions are necessary and raise other technological challenges. The goal is to determine how to use ERTMS specifications to produce test scenarios. This paper presents methods, models and tools dedicated to the generation of test scenarios for the validation of ERTMS components based on functional requirements. Methods The development of ERTMS system requires adequate methods for modelling and checking its behaviour. Evaluation and certification of the system can be done by generating test scenarios applying formal methods. The Unified Modelling Language (UML) is a widely accepted modelling standard in industry. However, it is a semi-formal language and it does not allow verification of system behaviour. In this case, formal models like Petri Net can be used. Results These methods are used in order to formalize ERTMS specification. Tests scenarios are generated on the basis of Petri net models. One scenario is considered like a firing sequence in the reachability graph of the Petri net. Then, test scenarios are applied on ERTMS platform simulator in order to check the components and to give test verdicts. Conclusions Finally, the approach, developed in this paper, has been applied to ERTMS components in order to demonstrate the validation and certification costs reduction and also to minimize the upgrade and retrofit constraints and validation cost.}",
	author = "Jabri, Sana and {El Koursi}, El and Bourdeaud'huy, Thomas and Lemaire, Etienne",
	citeulike-article-id = "10067558",
	citeulike-linkout-0 = "http://dx.doi.org/10.1007/s12544-010-0030-5",
	citeulike-linkout-1 = "http://www.springerlink.com/content/w47k74m1v75g562t",
	day = "1",
	doi = "10.1007/s12544-010-0030-5",
	issn = "1867-0717",
	journal = "European Transport Research Review",
	keywords = "ertms; etcs; petri-nets; test-generation",
	month = jun,
	number = "2",
	pages = "113--128",
	posted-at = "2011-11-25 11:25:45",
	priority = "2",
	publisher = "Springer Berlin / Heidelberg",
	title = "{European railway traffic management system validation using UML/Petri nets modelling strategy}",
	url = "http://dx.doi.org/10.1007/s12544-010-0030-5",
	volume = "2",
	year = "2010"
}

@article{blah,
	author = "Choi, Yunja and Bunse, Christian",
	doi = "10.1007/s10270-010-0147-y",
	issn = "1619-1366",
	issue = "1",
	journal = "Software \& Systems Modeling",
	keywords = "Abstract component; Model-driven development; Design verification; Embedded systems",
	language = "English",
	pages = "91--115",
	publisher = "Springer-Verlag",
	title = "{Design verification in model-based μ-controller development using an abstract component}",
	url = "http://dx.doi.org/10.1007/s10270-010-0147-y",
	volume = "10",
	year = "2011"
}

@article{canovas:hal-00752688,
	abstract = "{Model-driven software modernization is a discipline in which model-driven development (MDD) techniques are used in the modernization of legacy systems. When existing software artifacts are evolved, they must be transformed into models to apply MDD techniques such as model transformations. Since most modernization scenarios (e.g., application migration) involve dealing with code in general-purpose programming languages (GPL), the extraction of models from GPL code is an essential task in a model-based modernization process. This activity could be performed by tools to bridge grammarware and MDD technical spaces, which is normally carried out by dedicated parsers. Grammar-to-Model Transformation Language (Gra2MoL) is a domain-specific language (DSL) tailored to the extraction of models from GPL code. This DSL is actually a text-to-model transformation language which can be applied to any code conforming to a grammar. Gra2MoL aims to reduce the effort needed to implement grammarware-MDD bridges, since building dedicated parsers is a complex and time-consuming task. Like ATL and RubyTL languages, Gra2MoL incorporates the binding concept needed to write mappings between grammar elements and metamodel elements in a simple declarative style. The language also provides a powerful query language which eases the retrieval of scattered information in syntax trees. Moreover, it incorporates extensibility and grammar reuse mechanisms. This paper describes Gra2MoL in detail and includes a case study based on the application of the language in the extraction of models from Delphi code.}",
	affiliation = "ATLANMOD - INRIA - EMN , Departamento de Inform{\'a}tica y Sistemas [Murcia] - Modelum",
	audience = "internationale",
	author = "Canovas, Javier and {Garcia Molina}, Jesus",
	doi = "10.1007/s10270-012-0270-z",
	hal_id = "hal-00752688",
	journal = "Software \& Systems Modeling",
	language = "Anglais",
	month = sep,
	pdf = "http://hal.inria.fr/hal-00752688/PDF/sosym-gra2mol.pdf",
	publisher = "Springer-Verlag",
	title = "{Extracting Models from Source Code in Software Modernization}",
	url = "http://hal.inria.fr/hal-00752688",
	x-color = "#c0ffff",
	year = "2012"
}

@inproceedings{5261025,
	author = "Bouabana-Tebibel, T.",
	booktitle = "{Dependability of Computer Systems, 2009. DepCos-RELCOMEX '09. Fourth International Conference on}",
	doi = "10.1109/DepCoS-RELCOMEX.2009.47",
	keywords = "Computer science; Concrete; Joining processes; Petri nets; Unified modeling language; Petri nets; Unified Modeling Language; formal specification; program verification; IOD validation; UML 2 interaction overview diagram validation; activity diagram; control flow specification; hierarchical Petri nets; model checking; sequence diagram; HCPN; UML2; interaction overview diagram; validation",
	month = "30 2009-july 2",
	pages = "11--16",
	title = "{UML 2 Interaction Overview Diagram Validation}",
	x-color = "#009966",
	year = "2009"
}

@inproceedings{McUmber:2001:GFF:381473.381518,
	acmid = "381518",
	address = "Washington, DC, USA",
	author = "McUmber, William E. and Cheng, Betty H. C.",
	booktitle = "{Proceedings of the 23rd International Conference on Software Engineering}",
	isbn = "0-7695-1050-7",
	keywords = "formal specifications; model checking; object-oriented modeling",
	location = "Toronto, Ontario, Canada",
	numpages = "10",
	pages = "433--442",
	publisher = "IEEE Computer Society",
	series = "{ICSE '01}",
	title = "{A general framework for formalizing UML with formal languages}",
	url = "http://dl.acm.org/citation.cfm?id=381473.381518",
	year = "2001"
}

@article{Dillon:1994:GIL:192218.192226,
	acmid = "192226",
	address = "New York, NY, USA",
	author = "Dillon, L. K. and Kutty, G. and Moser, L. E. and Melliar-Smith, P. M. and Ramakrishna, Y. S.",
	doi = "10.1145/192218.192226",
	issn = "1049-331X",
	issue_date = "April 1994",
	journal = "ACM Trans. Softw. Eng. Methodol.",
	keywords = "automated proof-checking; concurrent systems; formal specifications; graphical interval logic; temporal logic; timing diagrams; visual languages",
	month = apr,
	number = "2",
	numpages = "35",
	pages = "131--165",
	publisher = "ACM",
	title = "{A graphical interval logic for specifying concurrent systems}",
	url = "http://doi.acm.org/10.1145/192218.192226",
	volume = "3",
	x-color = "#009966",
	year = "1994"
}

@inproceedings{Bontemps03turninghigh-level,
	author = "Bontemps, Yves and Heymans, Patrick",
	booktitle = "{Proc of Scenarios and State Machines: Models Algorithms and tools, 24th International Conf. on Software Engineering, May 2002, ACM}",
	title = "{Turning High-Level Live Sequence Charts into Automata}",
	year = "2003"
}

@article{harel2005synthesis,
	author = "Harel, David and Kugler, Hillel and Pnueli, Amir",
	journal = "Formal Methods in Software and Systems Modeling",
	pages = "309--324",
	publisher = "Springer",
	title = "{Synthesis revisited: Generating statechart models from scenario-based requirements}",
	x-color = "#c0ffff",
	year = "2005"
}

@inproceedings{konrad2005facilitating,
	author = "Konrad, Sascha and Cheng, Betty HC",
	booktitle = "{Requirements Engineering, 2005. Proceedings. 13th IEEE International Conference on}",
	organization = "IEEE",
	pages = "329--338",
	title = "{Facilitating the construction of specification pattern-based properties}",
	x-color = "#009966",
	year = "2005"
}

@article{knorreck2011tepe,
	author = "Knorreck, Daniel and Apvrille, Ludovic and de Saqui-Sannes, Pierre",
	journal = "ACM SIGSOFT Software Engineering Notes",
	number = "1",
	pages = "1--8",
	publisher = "ACM",
	title = "{TEPE: a SysML language for time-constrained property modeling and formal verification}",
	volume = "36",
	x-color = "#009966",
	year = "2011"
}

@article{choppy2011formal,
	author = "Choppy, Christine and Klai, Kais and Zidani, Hacene",
	journal = "ACM SIGSOFT Software Engineering Notes",
	number = "1",
	pages = "1--8",
	publisher = "ACM",
	title = "{Formal verification of UML state diagrams: a petri net based approach}",
	volume = "36",
	year = "2011"
}

@incollection{springerlink:10.1007/978-3-642-21210-9_9,
	affiliation = "Dipartimento di Elettronica e Informazione, Deep-SE Group, Politecnico di Milano, Via Golgi 42, 20133 Milano, Italy",
	author = "Baresi, Luciano and Morzenti, Angelo and Motta, Alfredo and Rossi, Matteo",
	booktitle = "{Models in Software Engineering}",
	editor = "Dingel, Juergen and Solberg, Arnor",
	isbn = "978-3-642-21209-3",
	keyword = "Computer Science",
	note = "10.1007/978-3-642-21210-9\_9",
	pages = "90--104",
	publisher = "Springer Berlin / Heidelberg",
	series = "{Lecture Notes in Computer Science}",
	title = "{From Interaction Overview Diagrams to Temporal Logic}",
	url = "http://dx.doi.org/10.1007/978-3-642-21210-9_9",
	volume = "6627",
	x-color = "#009966",
	year = "2011"
}

@article{Baresi:2012:LSV:2237796.2237811,
	acmid = "2237811",
	address = "New York, NY, USA",
	author = "Baresi, Luciano and Morzenti, Angelo and Motta, Alfredo and Rossi, Matteo",
	doi = "10.1145/2237796.2237811",
	issn = "0163-5948",
	issue_date = "July 2012",
	journal = "SIGSOFT Softw. Eng. Notes",
	month = jul,
	number = "4",
	numpages = "8",
	pages = "1--8",
	publisher = "ACM",
	title = "{A logic-based semantics for the verification of multi-diagram UML models}",
	url = "http://doi.acm.org/10.1145/2237796.2237811",
	volume = "37",
	x-color = "#009966",
	year = "2012"
}

@incollection{springerlink:10.1007/978-3-642-32759-9_25,
	affiliation = "Computer Science Department, Technion, Haifa, Israel",
	author = "Grumberg, Orna and Meller, Yael and Yorav, Karen",
	booktitle = "{FM 2012: Formal Methods}",
	editor = "Giannakopoulou, Dimitra and M{\'e}ry, Dominique",
	isbn = "978-3-642-32758-2",
	keyword = "Computer Science",
	note = "10.1007/978-3-642-32759-9\_25",
	pages = "277--292",
	publisher = "Springer Berlin / Heidelberg",
	series = "{Lecture Notes in Computer Science}",
	title = "{Applying Software Model Checking Techniques for Behavioral UML Models}",
	url = "http://dx.doi.org/10.1007/978-3-642-32759-9_25",
	volume = "7436",
	x-color = "#009966",
	year = "2012"
}

@article{weitl:integrated,
	author = "Weitl, Franz and Nakajima, Shin",
	journal = "ECEASST",
	pages = "--1--1",
	title = "{Integrated Model Checking of Static Structure and Dynamic Behavior using Temporal Description Logics}",
	x-color = "#009966",
	year = "2011"
}

@article{10.1109/ASWEC.2004.1290469,
	address = "Los Alamitos, CA, USA",
	author = "Li, Xiaoshan and Liu, Zhiming and Jifeng, He",
	doi = "10.1109/ASWEC.2004.1290469",
	issn = "1530-0803",
	journal = "Software Engineering Conference, Australian",
	pages = "168",
	publisher = "IEEE Computer Society",
	title = "{A Formal Semantics of UML Sequence Diagram}",
	volume = "0",
	x-color = "#009966",
	year = "2004"
}

@article{ModelingAndCode,
	author = "Rumpe, Bernhard and France, Robert",
	doi = "10.1007/s10270-011-0224-x",
	issn = "1619-1366",
	issue = "1",
	journal = "Software \& Systems Modeling",
	language = "English",
	pages = "1--2",
	publisher = "Springer-Verlag",
	title = "{On the relationship between modeling and programming languages}",
	url = "http://dx.doi.org/10.1007/s10270-011-0224-x",
	volume = "11",
	x-color = "#009966",
	year = "2012"
}

@inproceedings{870422,
	author = "Whittle, J. and Schumann, J.",
	booktitle = "{Software Engineering, 2000. Proceedings of the 2000 International Conference on}",
	doi = "10.1109/ICSE.2000.870422",
	issn = "0270-5257",
	keywords = "software engineering; UML sequence diagrams; UML statecharts; distributed software development process; scenarios; statechart designs generation; Algorithm design and analysis; Application software; Interleaved codes; Merging; NASA; Programming; Prototypes; Software engineering; Software prototyping; Unified modeling language",
	pages = "314--323",
	title = "{Generating statechart designs from scenarios}",
	x-color = "#009966"
}

@article{Whittle:2010:SHS:1656250.1656252,
	acmid = "1656252",
	address = "New York, NY, USA",
	articleno = "8",
	author = "Whittle, Jon and Jayaraman, Praveen K.",
	doi = "10.1145/1656250.1656252",
	issn = "1049-331X",
	issue_date = "January 2010",
	journal = "ACM Trans. Softw. Eng. Methodol.",
	keywords = "State machine synthesis; interaction overview diagrams; scenario-based requirements; software modeling",
	month = feb,
	number = "3",
	numpages = "45",
	pages = "8:1--8:45",
	publisher = "ACM",
	title = "{Synthesizing hierarchical state machines from expressive scenario descriptions}",
	url = "http://doi.acm.org/10.1145/1656250.1656252",
	volume = "19",
	x-color = "#c0ffff",
	year = "2010"
}

@article{gronmo2011uml,
	author = "Gr{\o}nmo, Roy and M{\o}ller-Pedersen, Birger",
	journal = "Journal of Object Technology",
	title = "{From UML 2 Sequence Diagrams to State Machines by Graph Transformation}",
	volume = "10",
	x-color = "#009966",
	year = "2011"
}

@inproceedings{4026782,
	author = "Konrad, S. and Goldsby, H. and Lopez, K. and Cheng, B. H C",
	booktitle = "{Requirements Engineering Visualization, 2006. REV '06. First International Workshop on}",
	doi = "10.1109/REV.2006.11",
	keywords = "Adaptive control; Adaptive systems; Control systems; Electrical equipment industry; Inspection; Lighting control; Natural languages; Programmable control; Unified modeling language; Visualization",
	pages = "1--1",
	title = "{Visualizing Requirements in UML Models}",
	x-color = "#009966",
	year = "Sept."
}

@inproceedings{Mondragon_prospec,
	author = "Mondragon, Oscar and Gates, Ann Q. and Roach, Steven",
	booktitle = "{Proc. of Runtime Verification Workshop, ENTCS}",
	pages = "2004",
	title = "{Prospec: Support for Elicitation and Formal Specification of Software Properties}"
}

@inproceedings{Cobleigh:2006:UGC:1181775.1181801,
	acmid = "1181801",
	address = "New York, NY, USA",
	author = "Cobleigh, Rachel L. and Avrunin, George S. and Clarke, Lori A.",
	booktitle = "{Proceedings of the 14th ACM SIGSOFT international symposium on Foundations of software engineering}",
	doi = "10.1145/1181775.1181801",
	isbn = "1-59593-468-5",
	keywords = "property specifications",
	location = "Portland, Oregon, USA",
	numpages = "11",
	pages = "208--218",
	publisher = "ACM",
	series = "{SIGSOFT '06/FSE-14}",
	title = "{User guidance for creating precise and accessible property specifications}",
	url = "http://doi.acm.org/10.1145/1181775.1181801",
	x-color = "#009966",
	year = "2006"
}

@inproceedings{Smith02propel:an,
	author = "Smith, Rachel L. and Avrunin, George S. and Clarke, Lori A. and Osterweil, Leon J.",
	booktitle = "{24th Intl. Conf. on Software Engineering}",
	pages = "11--21",
	publisher = "ACM Press",
	title = "{Propel: an approach supporting property elucidation}",
	x-color = "#abffe5",
	year = "2002"
}

@article{Runde:2005:RUI:1124427.1124433,
	acmid = "1124433",
	address = "Finland",
	author = "Runde, Ragnhild Kobro and Haugen, {\O}ystein and St{\o}len, Ketil",
	issn = "1236-6064",
	issue_date = "April 2005",
	journal = "Nordic J. of Computing",
	keywords = "UML interactions; formal semantics; nondeterminism; refinement; underspecification",
	month = apr,
	number = "2",
	numpages = "32",
	pages = "157--188",
	publisher = "Publishing Association Nordic Journal of Computing",
	title = "{Refining UML interactions with underspecification and nondeterminism}",
	url = "http://dl.acm.org/citation.cfm?id=1124427.1124433",
	volume = "12",
	year = "2005"
}

@article{Haugen05,
	abstract = "{The paper presents STAIRS [1], an approach to the compositional development of UML interactions supporting the specification of mandatory as well as potential behavior. STAIRS has been designed to facilitate the use of interactions for requirement capture as well as test specification. STAIRS assigns a precise interpretation to the various steps in incremental system development based on an approach to refinement known from the field of formal methods and provides thereby a foundation for compositional analysis. An interaction may characterize three main kinds of traces. A trace may be (1) positive in the sense that it is valid, legal or desirable, (2) negative meaning that it is invalid, illegal or undesirable, or (3) inconclusive meaning that it is considered irrelevant for the interaction in question. The basic increments in system development proposed by STAIRS, are structured into three main kinds referred to as supplementing, narrowing and detailing. Supplementing categorizes inconclusive traces as either positive or negative. Narrowing reduces the set of positive traces to capture new design decisions or to match the problem more adequately. Detailing involves introducing a more detailed description without significantly altering the externally observable behavior.}",
	author = "Haugen, {\O}ystein and Husa, Knut and Runde, Ragnhild and St{\o}len, Ketil",
	citeulike-article-id = "4827622",
	citeulike-linkout-0 = "http://dx.doi.org/10.1007/s10270-005-0087-0",
	citeulike-linkout-1 = "http://www.springerlink.com/content/h1530n6705x78246",
	day = "17",
	doi = "10.1007/s10270-005-0087-0",
	journal = "Software and Systems Modeling",
	keywords = "2005; composition; diagram; refinement; stairs; uml",
	month = nov,
	number = "4",
	pages = "355--357",
	posted-at = "2009-06-12 17:41:25",
	priority = "2",
	publisher = "Springer Berlin / Heidelberg",
	title = "{{STAIRS} towards formal design with sequence diagrams}",
	url = "http://dx.doi.org/10.1007/s10270-005-0087-0",
	volume = "4",
	x-color = "#009966",
	year = "2005"
}

@inproceedings{Grosu05safety-livenesssemantics,
	author = "Grosu, Radu and Smolka, Scott A.",
	booktitle = "{In Proceedings of ACSD{\rq}05}",
	pages = "6--14",
	publisher = "IEEE Press",
	title = "{Safety-Liveness Semantics for UML 2.0 Sequence Diagrams}",
	x-color = "#c0ffff",
	year = "2005"
}

@inproceedings{Amstel:2008:TPA:1424864.1424871,
	acmid = "1424871",
	address = "Berlin, Heidelberg",
	author = "Amstel, M. F. and Brand, M. G. and Proti{\'c}, Z. and Verhoeff, T.",
	booktitle = "{Proceedings of the 1st international conference on Theory and Practice of Model Transformations}",
	doi = "10.1007/978-3-540-69927-9_5",
	isbn = "978-3-540-69926-2",
	location = "Zurich, Switzerland",
	numpages = "15",
	pages = "61--75",
	publisher = "Springer-Verlag",
	series = "{ICMT '08}",
	title = "{Transforming Process Algebra Models into UML State Machines: Bridging a Semantic Gap?}",
	url = "http://dx.doi.org/10.1007/978-3-540-69927-9_5",
	x-color = "#009966",
	year = "2008"
}

@inproceedings{Lund:2007:SUM:1927558.1927564,
	acmid = "1927564",
	address = "Berlin, Heidelberg",
	author = "Lund, Mass Soldal and Refsdal, Atle and St{\o}len, Ketil",
	booktitle = "{Proceedings of the 2007 International Dagstuhl conference on Model-based engineering of embedded real-time systems}",
	isbn = "3-642-16276-2, 978-3-642-16276-3",
	location = "Dagstuhl Castle, Germany",
	numpages = "27",
	pages = "77--103",
	publisher = "Springer-Verlag",
	series = "{MBEERTS'07}",
	title = "{Semantics of UML models for dynamic behavior: a survey of different approaches}",
	url = "http://dl.acm.org/citation.cfm?id=1927558.1927564",
	x-color = "#c0ffff",
	year = "2010"
}

@inproceedings{Rasch:2005:CVS:2144745.2144752,
	acmid = "2144752",
	address = "Berlin, Heidelberg",
	author = "Rasch, Holger and Wehrheim, Heike",
	booktitle = "{Proceedings of the 7th IFIP WG 6.1 international conference on Formal Methods for Open Object-Based Distributed Systems}",
	doi = "10.1007/11494881_5",
	isbn = "3-540-26181-8, 978-3-540-26181-0",
	location = "Athens, Greece",
	numpages = "16",
	pages = "67--82",
	publisher = "Springer-Verlag",
	series = "{FMOODS'05}",
	title = "{Checking the validity of scenarios in UML models}",
	url = "http://dx.doi.org/10.1007/11494881_5",
	x-color = "#c0ffff",
	year = "2005"
}

@article{Miller:2010:SMC:1646353.1646372,
	acmid = "1646372",
	address = "New York, NY, USA",
	author = "Miller, Steven P. and Whalen, Michael W. and Cofer, Darren D.",
	doi = "10.1145/1646353.1646372",
	issn = "0001-0782",
	issue_date = "February 2010",
	journal = "Commun. ACM",
	month = feb,
	number = "2",
	numpages = "7",
	pages = "58--64",
	publisher = "ACM",
	title = "{Software model checking takes off}",
	url = "http://doi.acm.org/10.1145/1646353.1646372",
	volume = "53",
	x-color = "#009966",
	year = "2010"
}

@article{Whittle_fromscenarios,
	author = "Whittle, Jon and Kwan, Richard and Saboo, Jyoti",
	journal = "Softw. Systems Model",
	pages = "71--93",
	title = "{From scenarios to code: an air traffic Control case study}",
	x-color = "#009966"
}

@article{4544862,
	author = "D''silva, V. and Kroening, D. and Weissenbacher, G.",
	doi = "10.1109/TCAD.2008.923410",
	issn = "0278-0070",
	journal = "Computer-Aided Design of Integrated Circuits and Systems, IEEE Transactions on",
	keywords = "electronic engineering computing; program diagnostics; program verification; abstract domains; automated techniques; automatic static analysis; bounded model checking; electronic systems; formal software verification; formal verification tools; programming error detection; Algorithm design and analysis; Automatic programming; Automatic testing; Formal verification; Hardware; Performance analysis; Software algorithms; Software performance; Software quality; Software systems; Bounded model checking (BMC); model checking; predicate abstraction; software verification; static analysis",
	number = "7",
	pages = "1165--1178",
	title = "{A Survey of Automated Techniques for Formal Software Verification}",
	volume = "27",
	x-color = "#009966",
	year = "July"
}

@misc{Ledru_anattempt,
	author = "Ledru, Yves and Laleau, R{\'e}gine and Lemoine, Michel and Vignes, Sylvie and Bert, Didier and Donzeau-gouge, V{\'e}ronique and Dubois, Catherine and Peureux, Fabien",
	title = "{An attempt to combine UML and formal methods to model airport security}",
	x-color = "#009966"
}

@inproceedings{Dwyer:1999:PPS:302405.302672,
	acmid = "302672",
	address = "New York, NY, USA",
	author = "Dwyer, Matthew B. and others",
	booktitle = "{Proceedings of the 21st international conference on Software engineering}",
	doi = "10.1145/302405.302672",
	isbn = "1-58113-074-0",
	keywords = "concurrent systems; finite-state verification; formal specification; patterns",
	location = "Los Angeles, California, USA",
	numpages = "10",
	pages = "411--420",
	publisher = "ACM",
	series = "{ICSE '99}",
	title = "{Patterns in property specifications for finite-state verification}",
	url = "http://doi.acm.org/10.1145/302405.302672",
	x-color = "#009966",
	year = "1999"
}

@article{hidden,
	author = "Visser, Willem and Dwyer, MatthewB. and Whalen, Michael",
	doi = "10.1007/s10270-012-0281-9",
	issn = "1619-1366",
	issue = "4",
	journal = "Software \& Systems Modeling",
	keywords = "Model checking; Models temporal logic; Biological systems",
	language = "English",
	pages = "541--555",
	publisher = "Springer-Verlag",
	title = "{The hidden models of model checking}",
	url = "http://dx.doi.org/10.1007/s10270-012-0281-9",
	volume = "11",
	x-color = "#009966",
	year = "2012"
}

@article{DBLP:journals/ijseke/MoshirpourMF12,
	author = "Moshirpour, Mohammad and Mousavi, Abdolmajid and Far, Behrouz H.",
	bibsource = "DBLP, http://dblp.uni-trier.de",
	journal = "International Journal of Software Engineering and Knowledge Engineering",
	number = "6",
	pages = "729--746",
	title = "{Detecting Emergent Behavior in Distributed Systems using Scenario-Based Specifications}",
	url = "http://dx.doi.org/10.1142/S0218194012400104",
	volume = "22",
	x-color = "#009966",
	year = "2012"
}

@article{isaformal,
	author = "Isa, MA and Jawawi, D.N.A. and Zaki, M.Z.M.",
	title = "{A Formal Semantic for Scenario-Based Model Using Algebraic Semantics Framework for MOF}",
	x-color = "#009966"
}

@article{doi:10.1080/03081079.2012.757437,
	author = "K\v{r}ena, Bohuslav and Vojnar, Tom{\'a}\v{s}",
	doi = "10.1080/03081079.2012.757437",
	eprint = "http://www.tandfonline.com/doi/pdf/10.1080/03081079.2012.757437",
	journal = "International Journal of General Systems",
	number = "4",
	pages = "335--365",
	title = "{Automated formal analysis and verification: an overview}",
	url = "http://www.tandfonline.com/doi/abs/10.1080/03081079.2012.757437",
	volume = "42",
	x-color = "#c0ffff",
	year = "2013"
}

@proceedings{DBLP:conf/serp/2003-2,
	bibsource = "DBLP, http://dblp.uni-trier.de",
	booktitle = "{Software Engineering Research and Practice}",
	editor = "Al-Ani, Ban and Arabnia, Hamid R. and Mun, Youngsong",
	isbn = "1-932415-20-3",
	publisher = "CSREA Press",
	title = "{Proceedings of the International Conference on Software Engineering Research and Practice, SERP '03, June 23 - 26, 2003, Las Vegas, Nevada, USA, Volume 2}",
	year = "2003"
}

@inproceedings{Ackermann:2006:LOS:2135315.2135339,
	acmid = "2135339",
	address = "Berlin, Heidelberg",
	author = "Ackermann, J{\"o}rg and Turowski, Klaus",
	booktitle = "{Proceedings of the 18th international conference on Advanced Information Systems Engineering}",
	doi = "10.1007/11767138_18",
	isbn = "3-540-34652-X, 978-3-540-34652-4",
	keywords = "OCL specification patterns; component-based information systems; software component specification",
	location = "Luxembourg, Luxembourg",
	numpages = "15",
	pages = "255--269",
	publisher = "Springer-Verlag",
	series = "{CAiSE'06}",
	title = "{A library of OCL specification patterns for behavioral specification of software components}",
	url = "http://dx.doi.org/10.1007/11767138_18",
	x-color = "#009966",
	year = "2006"
}

@misc{Gogolla_use:a,
	author = "Gogolla, Martin and B{\"u}ttner, Fabian and Richters, Mark",
	title = "{USE: A UML-Based Specification Environment for Validating UML and OCL}",
	x-color = "#009966"
}

@article{Bouabana-Tebibel07-0,
	author = "Bouabana-Tebibel, Thouraya",
	citedby = "0",
	cites = "0",
	journal = "CIT",
	number = "2",
	pages = "171--183",
	researchr = "http://researchr.org/publication/Bouabana-Tebibel07-0",
	tags = "UML",
	title = "{Roles at the basis of UML validation}",
	volume = "15",
	x-color = "#009966",
	year = "2007"
}

@article{Flake03formalsemantics,
	author = "Flake, Stephan and Mueller, Wolfgang",
	journal = "Software and Systems Modeling (SoSyM), Springer",
	pages = "186",
	title = "{Formal Semantics of Static and Temporal State-Oriented OCL Constraints}",
	volume = "2",
	year = "2003"
}

@inproceedings{Ziemann02anextension,
	author = "Ziemann, Paul and Gogolla, Martin",
	booktitle = "{Critical Systems Development with UML}",
	pages = "53--62",
	title = "{An Extension of OCL with Temporal Logic}",
	year = "2002"
}

@article{Clarke:2009:MCA:1592761.1592781,
	acmid = "1592781",
	address = "New York, NY, USA",
	author = "Clarke, Edmund M. and Emerson, E. Allen and Sifakis, Joseph",
	doi = "10.1145/1592761.1592781",
	issn = "0001-0782",
	issue_date = "November 2009",
	journal = "Commun. ACM",
	month = nov,
	number = "11",
	numpages = "11",
	pages = "74--84",
	publisher = "ACM",
	title = "{Model checking: algorithmic verification and debugging}",
	url = "http://doi.acm.org/10.1145/1592761.1592781",
	volume = "52",
	x-color = "#009966",
	year = "2009"
}

@inproceedings{5773387,
	author = "Lu, Lunjin and Kim, Dae-Kyoo",
	booktitle = "{Engineering of Complex Computer Systems (ICECCS), 2011 16th IEEE International Conference on}",
	doi = "10.1109/ICECCS.2011.20",
	keywords = "Unified Modeling Language; object-oriented methods; software reusability; UML sequence diagram; design aspect; design pattern; refinement relation; reusable software artifact; sequence diagram; software behavior; trace semantics; Automata; Cognition; Semantics; Servers; Software; Syntactics; Unified modeling language; Refinement; Required Behavior; Semantics; Sequence Diagrams",
	pages = "127--136",
	title = "{Required Behavior of Sequence Diagrams: Semantics and Refinement}",
	x-color = "#009966",
	year = "2011"
}

@inproceedings{Ebnenasir:2007:PMA:1333877.1334430,
	acmid = "1334430",
	address = "Washington, DC, USA",
	author = "Ebnenasir, Ali and Cheng, Betty H. C.",
	booktitle = "{Proceedings of the 10th IEEE High Assurance Systems Engineering Symposium}",
	doi = "10.1109/HASE.2007.61",
	isbn = "0-7695-3043-5",
	keywords = "Requirements Analysis; Fault-Tolerance; FormalMethods; Detector; UML",
	numpages = "8",
	pages = "275--282",
	publisher = "IEEE Computer Society",
	series = "{HASE '07}",
	title = "{Pattern-Based Modeling and Analysis of Failsafe Fault-Tolerance in UML}",
	url = "http://dx.doi.org/10.1109/HASE.2007.61",
	year = "2007"
}

@article{Yatake:2011:EOS:2039230.2039237,
	acmid = "2039237",
	address = "Secaucus, NJ, USA",
	author = "Yatake, Kenro and Katayama, Takuya",
	doi = "10.1007/s10270-010-0160-1",
	issn = "1619-1366",
	issue_date = "October 2011",
	journal = "Softw. Syst. Model.",
	keywords = "HOL; ML; Object-Oriented; Simulation; Theorem proving",
	month = oct,
	number = "4",
	numpages = "22",
	pages = "515--536",
	publisher = "Springer-Verlag New York, Inc.",
	title = "{An executable object-oriented semantics and its application to firewall verification}",
	url = "http://dx.doi.org/10.1007/s10270-010-0160-1; http://www.nikhef.nl/~danielar/PapersReadJune2013.html",
	volume = "10",
	x-color = "#009966",
	year = "2011"
}

@inproceedings{Tsay06toolsupport,
	author = "Tsay, Yih-kuen and Chen, Yu-fang and Wu, Kang-nien",
	booktitle = "{Presented at the Formal Methods in the Teaching Lab Workshop}",
	title = "{Tool support for learning B{\"u}chi automata and linear temporal logic}",
	x-color = "#c0ffff",
	year = "2006"
}

@incollection{Cengarle:2008:HAU:1424922.1424949,
	acmid = "1424949",
	address = "Berlin, Heidelberg",
	author = "Cengarle, Mar{\'i}a Victoria and Knapp, Alexander and Tarlecki, Andrzej and Wirsing, Martin",
	chapter = "A Heterogeneous Approach to UML Semantics",
	doi = "10.1007/978-3-540-68679-8_23",
	editor = "Degano, Pierpaolo and Nicola, Rocco and Meseguer, Jos{\'e}",
	isbn = "978-3-540-68676-7",
	numpages = "20",
	pages = "383--402",
	publisher = "Springer-Verlag",
	title = "{Concurrency, Graphs and Models}",
	url = "http://dx.doi.org/10.1007/978-3-540-68679-8_23",
	year = "2008"
}

@article{DBLP:journals/eceasst/DijkLP12,
	author = "van Dijk, Tom and Laarman, Alfons and van de Pol, Jaco",
	bibsource = "DBLP, http://dblp.uni-trier.de",
	journal = "ECEASST",
	title = "{Multi-core and/or Symbolic Model Checking}",
	url = "http://journal.ub.tu-berlin.de/eceasst/article/view/773",
	volume = "53",
	x-color = "#c0ffff",
	year = "2012"
}

@article{DBLP:journals/eceasst/StappersR09,
	author = "Stappers, Frank P. M. and Reniers, Michel A.",
	bibsource = "DBLP, http://dblp.uni-trier.de",
	ee = "http://eceasst.cs.tu-berlin.de/index.php/eceasst/article/view/311",
	journal = "ECEASST",
	title = "{Verification of safety requirements for program code using data abstraction}",
	volume = "23",
	year = "2009"
}

@techreport{micskeiuml,
	author = "Micskei, Zolt{\'a}n and Waeselynck, H{\'e}l{\`e}ne",
	institution = "Citeseer",
	title = "{UML 2.0 Sequence Diagrams{\rq} semantics}",
	x-color = "#009966"
}

@article{DBLP:journals/eceasst/KeirenK12,
	author = "Keiren, Jeroen J. A. and Klabbers, Martijn",
	bibsource = "DBLP, http://dblp.uni-trier.de",
	ee = "http://journal.ub.tu-berlin.de/eceasst/article/view/793",
	journal = "ECEASST",
	title = "{Modelling and verifying IEEE Std 11073-20601 session setup using mCRL2}",
	volume = "53",
	year = "2012"
}

@techreport{Harel02smartplay-out,
	author = "Harel, David and Kugler, Hillel and Marelly, Rami and Pnueli, Amir",
	institution = "The Weizmann Institute of Science",
	title = "{Smart Play-Out of Behavioral Requirements}",
	year = "2002"
}

@article{Bradley:2012:HPS:2405862.2406295,
	acmid = "2406295",
	address = "Amsterdam, The Netherlands, The Netherlands",
	author = "Bradley, Mark and Cassez, Franck and Fehnker, Ansgar and Given-Wilson, Thomas and Huuck, Ralf",
	doi = "10.1016/j.entcs.2012.11.002",
	issn = "1571-0661",
	issue_date = "December, 2012",
	journal = "Electron. Notes Theor. Comput. Sci.",
	keywords = "C/C++; SAMATE; Validation; model checking; static analysis; tools; verification",
	month = dec,
	numpages = "12",
	pages = "3--14",
	publisher = "Elsevier Science Publishers B. V.",
	title = "{High Performance Static Analysis for Industry}",
	url = "http://dx.doi.org/10.1016/j.entcs.2012.11.002",
	volume = "289",
	year = "2012"
}

@inproceedings{Corbett00alanguage,
	author = "Corbett, James C. and Dwyer, Matthew B. and Hatcliff, John and Robby",
	booktitle = "{In Proceedings of the SPIN Software Model Checking Workshop, volume 1885 of LNCS}",
	pages = "205--223",
	publisher = "Springer",
	title = "{A Language Framework For Expressing Checkable Properties of Dynamic Software}",
	year = "2000"
}

@inproceedings{Planas:2009:VAS:1573487.1573505,
	acmid = "1573505",
	address = "Berlin, Heidelberg",
	author = "Planas, Elena and Cabot, Jordi and G{\'o}mez, Cristina",
	booktitle = "{Proceedings of the 21st International Conference on Advanced Information Systems Engineering}",
	doi = "10.1007/978-3-642-02144-2_14",
	isbn = "978-3-642-02143-5",
	location = "Amsterdam, The Netherlands",
	numpages = "16",
	pages = "125--140",
	publisher = "Springer-Verlag",
	series = "{CAiSE '09}",
	title = "{Verifying Action Semantics Specifications in UML Behavioral Models}",
	url = "http://dx.doi.org/10.1007/978-3-642-02144-2_14",
	year = "2009"
}

@article{4711062,
	author = "Pelliccione, P. and Inverardi, P. and Muccini, H.",
	doi = "10.1109/TSE.2008.104",
	issn = "0098-5589",
	journal = "Software Engineering, IEEE Transactions on",
	keywords = "Java; Unified Modeling Language; program verification; software architecture; Charmy framework; Java code; UML-based architectural design; model checking; software development; structural software architecture constraints; Design notations and documentation; Model checking; Rapid prototyping; Software Architectures; Software architectures; State diagrams; model checking.",
	number = "3",
	pages = "325--346",
	title = "{CHARMY: A Framework for Designing and Verifying Architectural Specifications}",
	volume = "35",
	x-color = "#c0ffff",
	year = "2009"
}

@inproceedings{Wijs:2013:EPP:2450387.2450446,
	acmid = "2450446",
	address = "Berlin, Heidelberg",
	author = "Wijs, Anton and Engelen, Luc",
	booktitle = "{Proceedings of the 19th international conference on Tools and Algorithms for the Construction and Analysis of Systems}",
	doi = "10.1007/978-3-642-36742-7_41",
	isbn = "978-3-642-36741-0",
	location = "Rome, Italy",
	numpages = "15",
	pages = "565--579",
	publisher = "Springer-Verlag",
	series = "{TACAS'13}",
	title = "{Efficient property preservation checking of model refinements}",
	url = "http://dx.doi.org/10.1007/978-3-642-36742-7_41",
	year = "2013"
}

@inproceedings{AB10,
	author = "Asteasuain, Fernando and Braberman, V{\'i}ctor",
	booktitle = "{SEKE (International Conference on Software Engineering and Knowledge Engineering)}",
	keywords = "Behavioral Modeling",
	pages = "430--436",
	title = "{Specification Patterns can be formal and still easy}",
	url = "http://publicaciones.dc.uba.ar/Publications/2010/AB10",
	x-color = "#c0ffff",
	year = "2010"
}

@article{Fr{\"a}nzle01visualtemporal,
	author = "Fr{\"a}nzle, Martin and L{\"u}th, Karsten",
	journal = "Computer Languages",
	pages = "231--47",
	title = "{Visual Temporal Logic as a Rapid Prototyping Tool}",
	volume = "27",
	x-color = "#c0ffff",
	year = "2001"
}

@inproceedings{1317444,
	author = "Caporuscio, M. and Inverardi, P. and Pelliccione, P.",
	booktitle = "{Software Engineering, 2004. ICSE 2004. Proceedings. 26th International Conference on}",
	doi = "10.1109/ICSE.2004.1317444",
	issn = "0270-5257",
	keywords = "formal verification; middleware; program verification; software architecture; software quality; assume-guarantee methodology; compositional verification; middleware; middleware-based software architecture descriptions; model checking; software application; software life-cycle; software quality; software system development; verification techniques; Application software; Computer architecture; Context modeling; Data structures; Explosions; Middleware; Software architecture; Software quality; Software systems; System software",
	pages = "221--230",
	title = "{Compositional verification of middleware-based software architecture descriptions}",
	year = "2004"
}

@article{oh2003visual,
	author = "Oh, Younju",
	publisher = "Citeseer",
	title = "{Visual Approaches for System Property Specification}",
	x-color = "#009966",
	year = "2003"
}

@inproceedings{colange2013towards,
	author = "Colange, Maximilien and Baarir, Souheib and Kordon, Fabrice and Thierry-Mieg, Yann",
	booktitle = "{25th International Conference on Computer Aided Verification (CAV), Vol. to be published of Lecture Notes in Computer Science, Springer}",
	title = "{Towards Distributed Software Model-Checking using Decision Diagrams}",
	x-color = "#c0ffff",
	year = "2013"
}

@misc{Holzmann02thelogic,
	author = "Holzmann, Gerard J.",
	title = "{The Logic of Bugs}",
	x-color = "#00ffff",
	year = "2002"
}

@inproceedings{Smith:2001:ECG:882477.883639,
	acmid = "883639",
	address = "Washington, DC, USA",
	author = "Smith, Margaret H. and Holzmann, Gerard J. and Etessami, Kousha",
	booktitle = "{Proceedings of the Fifth IEEE International Symposium on Requirements Engineering}",
	keywords = "model checking; software verification; testing; requirements.",
	pages = "14--",
	publisher = "IEEE Computer Society",
	series = "{RE '01}",
	title = "{Events and Constraints: A Graphical Editor for Capturing Logic Requirements of Programs}",
	url = "http://dl.acm.org/citation.cfm?id=882477.883639",
	x-color = "#c0ffff",
	year = "2001"
}

@article{DBLP:journals/eceasst/VandinL11,
	author = "Vandin, Andrea and Lluch-Lafuente, Alberto",
	bibsource = "DBLP, http://dblp.uni-trier.de",
	journal = "ECEASST",
	title = "{Towards a Maude Tool for Model Checking Temporal Graph Properties}",
	url = "http://journal.ub.tu-berlin.de/eceasst/article/view/640",
	volume = "41",
	x-color = "#c0ffff",
	year = "2011"
}

@techreport{Flake00mappingof,
	author = "Flake, Stephan and M{\"u}ller, Wolfgang and Ruf, J{\"u}rgen",
	title = "{Mapping of structured English sentences to CCTL formulae}",
	x-color = "#c0ffff",
	year = "2000"
}

@article{Braberman:2005:SAD:1108269.1108319,
	acmid = "1108319",
	address = "Piscataway, NJ, USA",
	author = "Braberman, Victor and Kicillof, Nicolas and Olivero, Alfredo",
	doi = "10.1109/TSE.2005.131",
	issn = "0098-5589",
	issue_date = "December 2005",
	journal = "IEEE Trans. Softw. Eng.",
	keywords = "Index Terms- Requirements/specifications; Index Terms- Requirements/specifications; model checking; formal methods; scenario-based verification.; formal methods; model checking; scenario-based verification.",
	month = dec,
	number = "12",
	numpages = "14",
	pages = "1028--1041",
	publisher = "IEEE Press",
	title = "{A Scenario-Matching Approach to the Description and Model Checking of Real-Time Properties}",
	url = "http://dx.doi.org/10.1109/TSE.2005.131",
	volume = "31",
	x-color = "#c0ffff",
	year = "2005"
}

@incollection{amaaan,
	author = "Gaudin, Emmanuel and Brunel, Eric",
	booktitle = "{SDL 2013: Model-Driven Dependability Engineering}",
	doi = "10.1007/978-3-642-38911-5_2",
	editor = "Khendek, Ferhat and Toeroe, Maria and Gherbi, Abdelouahed and Reed, Rick",
	isbn = "978-3-642-38910-8",
	keywords = "MSC; PSC; Sequence Diagram; Property verification; Trace; Artemis",
	pages = "19--35",
	publisher = "Springer Berlin Heidelberg",
	series = "{Lecture Notes in Computer Science}",
	title = "{Property Verification with MSC}",
	url = "http://dx.doi.org/10.1007/978-3-642-38911-5_2",
	volume = "7916",
	x-color = "#c0ffff",
	year = "2013"
}

@inproceedings{6380695,
	author = "Mallet, F.",
	booktitle = "{Rapid System Prototyping (RSP), 2012 23rd IEEE International Symposium on}",
	doi = "10.1109/RSP.2012.6380695",
	issn = "2150-5500",
	keywords = "Unified Modeling Language; embedded systems; formal verification; high level languages; system-on-chip; MARTE/CCSL; UML; Unified Modeling Language; automatic generation; clock constraint specification language; high-level specification language; modeling and analysis of real-time and embedded systems; observer nodes; state based semantics; system-on-chip design; verification techniques; Analytical models; Clocks; Libraries; Observers; Semantics; Synchronization; Unified modeling language",
	pages = "86--92",
	title = "{Automatic generation of observers from MARTE/CCSL}",
	x-color = "#c0ffff",
	year = "2012"
}

@article{grrr,
	author = "Varr{\'o}, D{\'a}niel",
	doi = "10.1007/s10270-003-0050-x",
	issn = "1619-1366",
	journal = "Software and Systems Modeling",
	keywords = "Graph transformation; Metamodeling; Formal verification; Model checking; Model transformation",
	language = "English",
	number = "2",
	pages = "85--113",
	publisher = "Springer-Verlag",
	title = "{Automated formal verification of visual modeling languages by model checking}",
	url = "http://dx.doi.org/10.1007/s10270-003-0050-x",
	volume = "3",
	year = "2004"
}

@article{Salamah:2011:TSS:1992516.2043293,
	acmid = "2043293",
	address = "New York, NY, United States",
	articleno = "3",
	author = "Salamah, Salamah and Gates, Ann Q. and Roach, Steve and Engskow, Matthew",
	doi = "10.1155/2011",
	issn = "1687-8655",
	issue_date = "January 2011",
	journal = "Adv. Soft. Eng.",
	month = jan,
	numpages = "13",
	pages = "3:1--3:13",
	publisher = "Hindawi Publishing Corp.",
	title = "{Towards support for software model checking: improving the efficiency of formal specifications}",
	url = "http://dx.doi.org/10.1155/2011/869182",
	volume = "2011",
	x-color = "#c0ffff",
	year = "2011"
}

@article{Kupferman:2005:LTB:1055686.1055689,
	acmid = "1055689",
	address = "New York, NY, USA",
	author = "Kupferman, Orna and Vardi, Moshe Y.",
	doi = "10.1145/1055686.1055689",
	issn = "1529-3785",
	issue_date = "April 2005",
	journal = "ACM Trans. Comput. Logic",
	keywords = "Linear temporal logic; alternation-free \μ-calculus",
	month = apr,
	number = "2",
	numpages = "22",
	pages = "273--294",
	publisher = "ACM",
	title = "{From linear time to branching time}",
	url = "http://doi.acm.org/10.1145/1055686.1055689",
	volume = "6",
	x-color = "#c0ffff",
	year = "2005"
}

@techreport{cranen2010linear,
	author = "Cranen, Sjoerd and Groote, Jan Friso and Reniers, Michel",
	institution = "Technical Report CSR-10-09, Department of Computer Science, Eindhoven University of Technology, Eindhoven, The Netherlands",
	title = "{A linear translation from LTL to the first-order modal $\mu$-calculus}",
	x-color = "#c0ffff",
	year = "2010"
}

@article{Bauer:2011:RVL:2000799.2000800,
	acmid = "2000800",
	address = "New York, NY, USA",
	articleno = "14",
	author = "Bauer, Andreas and Leucker, Martin and Schallhart, Christian",
	doi = "10.1145/2000799.2000800",
	issn = "1049-331X",
	issue_date = "September 2011",
	journal = "ACM Trans. Softw. Eng. Methodol.",
	keywords = "Assertion checkers; monitors; runtime verification",
	month = sep,
	number = "4",
	numpages = "64",
	pages = "14:1--14:64",
	publisher = "ACM",
	title = "{Runtime Verification for LTL and TLTL}",
	url = "http://doi.acm.org/10.1145/2000799.2000800",
	volume = "20",
	x-color = "#c0ffff",
	year = "2011"
}

@inproceedings{Giannakopoulou:2001:AVT:872023.872506,
	acmid = "872506",
	address = "Washington, DC, USA",
	author = "Giannakopoulou, Dimitra and Havelund, Klaus",
	booktitle = "{Proceedings of the 16th IEEE international conference on Automated software engineering}",
	pages = "412--",
	publisher = "IEEE Computer Society",
	series = "{ASE '01}",
	title = "{Automata-Based Verification of Temporal Properties on Running Programs}",
	url = "http://dl.acm.org/citation.cfm?id=872023.872506",
	x-color = "#c0ffff",
	year = "2001"
}

@conference{BFLS00-EFTS00-69,
	address = "Washington DC",
	author = "Bondavalli, Andrea and Fantechi, A. and Latella, D. and Simoncini, L.",
	booktitle = "{IEEE Int. Workshop On Embedded Fault-Tolerant Systems (EFTS00)}",
	month = "September 21-22",
	title = "{{A}n {I}ntegrated and {C}ompositional {A}pproach to {D}esign {V}alidation of {E}mbedded {D}ependable {S}ystems}",
	year = "2000"
}

@article{Autili:2008:TGT:1367148.1367347,
	acmid = "1367347",
	address = "Amsterdam, The Netherlands, The Netherlands",
	author = "Autili, Marco and Pelliccione, Patrizio",
	doi = "10.1016/j.entcs.2008.04.037",
	issn = "1571-0661",
	issue_date = "April, 2008",
	journal = "Electron. Notes Theor. Comput. Sci.",
	keywords = "Graphical Formalisms; Requirements Definition; Software Architectures",
	month = apr,
	numpages = "11",
	pages = "147--157",
	publisher = "Elsevier Science Publishers B. V.",
	title = "{Towards a Graphical Tool for Refining User to System Requirements}",
	url = "http://dx.doi.org/10.1016/j.entcs.2008.04.037",
	volume = "211",
	year = "2008"
}

@article{New1
}

@article{Cavarra:2005:CSD:1705506.1705591,
	acmid = "1705591",
	address = "Amsterdam, The Netherlands, The Netherlands",
	author = "Cavarra, Alessandra and K{\"u}ster-Filipe, Juliana",
	doi = "10.1016/j.entcs.2004.09.025",
	issn = "1571-0661",
	issue_date = "January, 2005",
	journal = "Electron. Notes Theor. Comput. Sci.",
	keywords = "Liveness; OCL 2.0; Sequence Diagrams; UML 2.0",
	month = jan,
	numpages = "20",
	pages = "19--38",
	publisher = "Elsevier Science Publishers B. V.",
	title = "{Combining Sequence Diagrams and OCL for Liveness}",
	url = "http://dx.doi.org/10.1016/j.entcs.2004.09.025",
	volume = "115",
	year = "2005"
}

@inproceedings{Lilius99vuml:a,
	author = "Lilius, Johan and Paltor, Ivan Porres",
	booktitle = "{}",
	pages = "255--258",
	publisher = "",
	title = "{vUML: a Tool for Verifying UML Models}",
	year = "1999"
}

@incollection{MVPSA,
	author = "Baresi, Luciano and Ghezzi, Carlo and Zanolin, Luca",
	booktitle = "{Testing Commercial-off-the-Shelf Components and Systems}",
	doi = "10.1007/3-540-27071-X_13",
	editor = "Beydeda, Sami and Gruhn, Volker",
	isbn = "978-3-540-21871-5",
	pages = "273--291",
	publisher = "Springer Berlin Heidelberg",
	title = "{Modeling and Validation of Publish/Subscribe Architectures}",
	url = "http://dx.doi.org/10.1007/3-540-27071-X_13"
}

@url{MDTUML2,
	author = "Foundation, The Eclipse",
	note = "www.eclipse.org/uml2/",
	title = "{Eclipse Modeling {MDT-UML2} component}",
	url = "http://www.eclipse.org/uml2"
}

@inproceedings{Emerson97modelchecking,
	author = "Emerson, E. Allen",
	booktitle = "{DIMACS Series in Discrete Mathematics}",
	pages = "185--214",
	publisher = "American Mathematical Society",
	title = "{Model checking and the Mu-calculus}",
	year = "1997"
}

@inproceedings{FormalLanguagemCRL2,
	author = "Groote, J.F. and others",
	booktitle = "{Proc. MMOSS'06}",
	title = "{The Formal Specification Language m{CRL2}}"
}

@url{UML2.4_superstructure,
	author = "OMG",
	note = "http://www.omg.org/spec/UML/2.4/Superstructure",
	number = "ptc/2010-11-14",
	title = "{UML2.4 Superstructure Specification$\break$}",
	url = "http://www.omg.org/spec/UML/2.4/Superstructure/Beta2/PDF"
}

@book{terry2006visual,
	author = "Terry, Quatrani",
	publisher = "Pearson Education India",
	title = "{Visual Modeling with IBM Rational Software Architect and UML}",
	year = "2006"
}

@url{RAFMC,
	author = "Mateescu, Radu",
	note = "http://www.inrialpes.fr/vasy/cadp/resources/evaluator/rafmc.html",
	title = "{Property Pattern Mappings for RAFMC}",
	url = "http://www.inrialpes.fr/vasy/cadp/resources/evaluator/rafmc.html"
}

